@inproceedings{Pengcheng:2014:FIC:2740769.2740805,
 author = {Pengcheng, Gao and Jiangqin, Wu and Yuan, Lin and Yang, Xia and Tianjiao, Mao and Baogang, Wei},
 title = {Fast Image-based Chinese Calligraphic Character Retrieval on Large Scale Data},
 booktitle = {Proceedings of the 14th ACM/IEEE-CS Joint Conference on Digital Libraries},
 series = {JCDL '14},
 year = {2014},
 isbn = {978-1-4799-5569-5},
 location = {London, United Kingdom},
 pages = {211--218},
 numpages = {8},
 url = {http://dl.acm.org/citation.cfm?id=2740769.2740805},
 acmid = {2740805},
 publisher = {IEEE Press},
 address = {Piscataway, NJ, USA},
 keywords = {CADAL, GIST-OSC, calligraphy, retrieval},
}
@inproceedings{Gao:2012:CDC:2232817.2232889,
 author = {Gao, Pengcheng and Wu, Jiangqin and Xia, Yang and Lin, Yuan},
 title = {CADAL Digital Calligraphy System},
 booktitle = {Proceedings of the 12th ACM/IEEE-CS Joint Conference on Digital Libraries},
 series = {JCDL '12},
 year = {2012},
 isbn = {978-1-4503-1154-0},
 location = {Washington, DC, USA},
 pages = {357--358},
 numpages = {2},
 url = {http://doi.acm.org/10.1145/2232817.2232889},
 doi = {10.1145/2232817.2232889},
 acmid = {2232889},
 publisher = {ACM},
 address = {New York, NY, USA},
 keywords = {CADAL, calligraphy, content-based search, radical-based search},
}
@inproceedings{Ye:2010:IUC:1816123.1816164,
 author = {Ye, Zhenchao and Zhuang, Ling and Wu, Jiangqin and Du, Chenyang and Wei, Baogang and Zhang, Yin},
 title = {In-depth Utilization of Chinese Ancient Maps: A Hybrid Approach to Digitizing Map Resources in CADAL},
 booktitle = {Proceedings of the 10th Annual Joint Conference on Digital Libraries},
 series = {JCDL '10},
 year = {2010},
 isbn = {978-1-4503-0085-8},
 location = {Gold Coast, Queensland, Australia},
 pages = {263--272},
 numpages = {10},
 url = {http://doi.acm.org/10.1145/1816123.1816164},
 doi = {10.1145/1816123.1816164},
 acmid = {1816164},
 publisher = {ACM},
 address = {New York, NY, USA},
 keywords = {atlases, digital library, image processing, kernel method},
} 
@inproceedings{Lin:2013:LLS:2467696.2467704,
 author = {Lin, Yuan and Wu, Jiangqin and Gao, Pengcheng and Xia, Yang and Mao, Tianjiao},
 title = {LSH-based Large Scale Chinese Calligraphic Character Recognition},
 booktitle = {Proceedings of the 13th ACM/IEEE-CS Joint Conference on Digital Libraries},
 series = {JCDL '13},
 year = {2013},
 isbn = {978-1-4503-2077-1},
 location = {Indianapolis, Indiana, USA},
 pages = {323--330},
 numpages = {8},
 url = {http://doi.acm.org/10.1145/2467696.2467704},
 doi = {10.1145/2467696.2467704},
 acmid = {2467704},
 publisher = {ACM},
 address = {New York, NY, USA},
 keywords = {calligraphy, character recognition, lsh-based search},
}
@inproceedings{Yu:2009:SCS:1555400.1555425,
 author = {Yu, Kai and Wu, Jiangqin and Zhuang, Yueting},
 title = {Style-consistency Calligraphy Synthesis System in Digital Library},
 booktitle = {Proceedings of the 9th ACM/IEEE-CS Joint Conference on Digital Libraries},
 series = {JCDL '09},
 year = {2009},
 isbn = {978-1-60558-322-8},
 location = {Austin, TX, USA},
 pages = {145--152},
 numpages = {8},
 url = {http://doi.acm.org/10.1145/1555400.1555425},
 doi = {10.1145/1555400.1555425},
 acmid = {1555425},
 publisher = {ACM},
 address = {New York, NY, USA},
 keywords = {structure determination, style evaluation model (SEM), style-consistency calligraphy synthesis},
}
@inproceedings{Zhang:2010:CCS:1816123.1816138,
 author = {Zhang, Zhenting and Wu, Jiangqin and Yu, Kai},
 title = {Chinese Calligraphy Specific Style Rendering System},
 booktitle = {Proceedings of the 10th Annual Joint Conference on Digital Libraries},
 series = {JCDL '10},
 year = {2010},
 isbn = {978-1-4503-0085-8},
 location = {Gold Coast, Queensland, Australia},
 pages = {99--108},
 numpages = {10},
 url = {http://doi.acm.org/10.1145/1816123.1816138},
 doi = {10.1145/1816123.1816138},
 acmid = {1816138},
 publisher = {ACM},
 address = {New York, NY, USA},
 keywords = {rule-base stroke deformation, special nine grid, specific style rendering},
}
@inproceedings{Zhang:2007:VVH:2082190.2082234,
 author = {Zhang, Xiafen and Zhuang, Yueting},
 title = {Visual Verification of Historical Chinese Calligraphy Works},
 booktitle = {Proceedings of the 13th International Conference on Multimedia Modeling - Volume Part I},
 series = {MMM'07},
 year = {2006},
 isbn = {3-540-69421-8, 978-3-540-69421-2},
 location = {Singapore},
 pages = {354--363},
 numpages = {10},
 url = {http://dx.doi.org/10.1007/978-3-540-69423-6_35},
 doi = {10.1007/978-3-540-69423-6_35},
 acmid = {2082234},
 publisher = {Springer-Verlag},
 address = {Berlin, Heidelberg},
}
@inproceedings{Zhang:2011:CCD:2037342.2037349,
 author = {Zhang, Xiafen and Nagy, George},
 title = {The CADAL Calligraphic Database},
 booktitle = {Proceedings of the 2011 Workshop on Historical Document Imaging and Processing},
 series = {HIP '11},
 year = {2011},
 isbn = {978-1-4503-0916-5},
 location = {Beijing, China, USA},
 pages = {37--42},
 numpages = {6},
 url = {http://doi.acm.org/10.1145/2037342.2037349},
 doi = {10.1145/2037342.2037349},
 acmid = {2037349},
 publisher = {ACM},
 address = {New York, NY, USA},
 keywords = {Chinese calligraphy, ground truth, historical documents, styles},
}
@inproceedings{Gao:2012:CDC:2232817.2232889,
 author = {Gao, Pengcheng and Wu, Jiangqin and Xia, Yang and Lin, Yuan},
 title = {CADAL Digital Calligraphy System},
 booktitle = {Proceedings of the 12th ACM/IEEE-CS Joint Conference on Digital Libraries},
 series = {JCDL '12},
 year = {2012},
 isbn = {978-1-4503-1154-0},
 location = {Washington, DC, USA},
 pages = {357--358},
 numpages = {2},
 url = {http://doi.acm.org/10.1145/2232817.2232889},
 doi = {10.1145/2232817.2232889},
 acmid = {2232889},
 publisher = {ACM},
 address = {New York, NY, USA},
 keywords = {CADAL, calligraphy, content-based search, radical-based search},
}
@inproceedings{Zhu:2009:CID:1631005.1631019,
 author = {Zhu, Wenhao and Wei, Baogang and Zhuang, Yueting and Shi, Shaomin and Yang, Yan},
 title = {Content Integration in Digital Libraries},
 booktitle = {Proceedings of the 2009 Workshop on Ambient Media Computing},
 series = {AMC '09},
 year = {2009},
 isbn = {978-1-60558-760-8},
 location = {Beijing, China},
 pages = {57--64},
 numpages = {8},
 url = {http://doi.acm.org/10.1145/1631005.1631019},
 doi = {10.1145/1631005.1631019},
 acmid = {1631019},
 publisher = {ACM},
 address = {New York, NY, USA},
 keywords = {digital libraries, digitized textbook, information extraction},
}
