@article{mahotas,
    author = {Luis Pedro Coelho},
    title = {Mahotas: Open source software for scriptable computer vision},
    journal = {Journal of Open Research Software},
    year = {2013},
    doi = {http://dx.doi.org/10.5334/jors.ac},
    month = {July},
    volume = {1}
}
@inproceedings{Cai:2010:UFS:1835804.1835848,
 author = {Cai, Deng and Zhang, Chiyuan and He, Xiaofei},
 title = {Unsupervised Feature Selection for Multi-cluster Data},
 booktitle = {Proceedings of the 16th ACM SIGKDD International Conference on Knowledge Discovery and Data Mining},
 series = {KDD '10},
 year = {2010},
 isbn = {978-1-4503-0055-1},
 location = {Washington, DC, USA},
 pages = {333--342},
 numpages = {10},
 url = {http://doi.acm.org/10.1145/1835804.1835848},
 doi = {10.1145/1835804.1835848},
 acmid = {1835848},
 publisher = {ACM},
 address = {New York, NY, USA},
 keywords = {clustering, feature selection, unsupervised},
} 
