@inproceedings{Zhang:2007:VVH:2082190.2082234,
 author = {Zhang, Xiafen and Zhuang, Yueting},
 title = {Visual Verification of Historical Chinese Calligraphy Works},
 booktitle = {Proceedings of the 13th International Conference on Multimedia Modeling - Volume Part I},
 series = {MMM'07},
 year = {2006},
 isbn = {3-540-69421-8, 978-3-540-69421-2},
 location = {Singapore},
 pages = {354--363},
 numpages = {10},
 url = {http://dx.doi.org/10.1007/978-3-540-69423-6_35},
 doi = {10.1007/978-3-540-69423-6_35},
 acmid = {2082234},
 publisher = {Springer-Verlag},
 address = {Berlin, Heidelberg},
}
