@inproceedings{Pengcheng:2014:FIC:2740769.2740805,
 author = {Pengcheng, Gao and Jiangqin, Wu and Yuan, Lin and Yang, Xia and Tianjiao, Mao and Baogang, Wei},
 title = {Fast Image-based Chinese Calligraphic Character Retrieval on Large Scale Data},
 booktitle = {Proceedings of the 14th ACM/IEEE-CS Joint Conference on Digital Libraries},
 series = {JCDL '14},
 year = {2014},
 isbn = {978-1-4799-5569-5},
 location = {London, United Kingdom},
 pages = {211--218},
 numpages = {8},
 url = {http://dl.acm.org/citation.cfm?id=2740769.2740805},
 acmid = {2740805},
 publisher = {IEEE Press},
 address = {Piscataway, NJ, USA},
 keywords = {CADAL, GIST-OSC, calligraphy, retrieval},
}
@inproceedings{Ye:2010:IUC:1816123.1816164,
 author = {Ye, Zhenchao and Zhuang, Ling and Wu, Jiangqin and Du, Chenyang and Wei, Baogang and Zhang, Yin},
 title = {In-depth Utilization of Chinese Ancient Maps: A Hybrid Approach to Digitizing Map Resources in CADAL},
 booktitle = {Proceedings of the 10th Annual Joint Conference on Digital Libraries},
 series = {JCDL '10},
 year = {2010},
 isbn = {978-1-4503-0085-8},
 location = {Gold Coast, Queensland, Australia},
 pages = {263--272},
 numpages = {10},
 url = {http://doi.acm.org/10.1145/1816123.1816164},
 doi = {10.1145/1816123.1816164},
 acmid = {1816164},
 publisher = {ACM},
 address = {New York, NY, USA},
 keywords = {atlases, digital library, image processing, kernel method},
} 

@inproceedings{Lin:2013:LLS:2467696.2467704,
 author = {Lin, Yuan and Wu, Jiangqin and Gao, Pengcheng and Xia, Yang and Mao, Tianjiao},
 title = {LSH-based Large Scale Chinese Calligraphic Character Recognition},
 booktitle = {Proceedings of the 13th ACM/IEEE-CS Joint Conference on Digital Libraries},
 series = {JCDL '13},
 year = {2013},
 isbn = {978-1-4503-2077-1},
 location = {Indianapolis, Indiana, USA},
 pages = {323--330},
 numpages = {8},
 url = {http://doi.acm.org/10.1145/2467696.2467704},
 doi = {10.1145/2467696.2467704},
 acmid = {2467704},
 publisher = {ACM},
 address = {New York, NY, USA},
 keywords = {calligraphy, character recognition, lsh-based search},
}

@inproceedings{Zhu:2009:CID:1631005.1631019,
 author = {Zhu, Wenhao and Wei, Baogang and Zhuang, Yueting and Shi, Shaomin and Yang, Yan},
 title = {Content Integration in Digital Libraries},
 booktitle = {Proceedings of the 2009 Workshop on Ambient Media Computing},
 series = {AMC '09},
 year = {2009},
 isbn = {978-1-60558-760-8},
 location = {Beijing, China},
 pages = {57--64},
 numpages = {8},
 url = {http://doi.acm.org/10.1145/1631005.1631019},
 doi = {10.1145/1631005.1631019},
 acmid = {1631019},
 publisher = {ACM},
 address = {New York, NY, USA},
 keywords = {digital libraries, digitized textbook, information extraction},
}
